index,TotalAssets,	CurrentAssets,		CashCashEquivalentsAndShortTermInvestments,			CashAndCashEquivalents,			OtherShortTermInvestments,		Receivables,			AccountsReceivable,	TotalNonCurrentAssets,		NetPPE,			GrossPPE,			AccumulatedDepreciation,		GoodwillAndOtherIntangibleAssets,			OtherIntangibleAssets,TotalLiabilitiesNetMinorityInterest,	CurrentLiabilities,		PayablesAndAccruedExpenses,			Payables,				AccountsPayable,			CurrentAccruedExpenses,		CurrentDeferredLiabilities,			CurrentDeferredRevenue,	TotalNonCurrentLiabilitiesNetMinorityInterest,TotalEquityGrossMinorityInterest,	StockholdersEquity,		CapitalStock,			CommonStock,		RetainedEarnings,		GainsLossesNotAffectingRetainedEarnings,TotalCapitalization,CommonStockEquity,NetTangibleAssets,WorkingCapital,InvestedCapital,TangibleBookValue,ShareIssued,OrdinarySharesNumber,TotalRevenue,	OperatingRevenue,CostOfRevenue,GrossProfit,OperatingExpense,	ResearchAndDevelopment,OperatingIncome,PretaxIncome,TaxProvision,NetIncomeCommonStockholders,	NetIncome,		NetIncomeIncludingNoncontrollingInterests,			NetIncomeContinuousOperations,DilutedNIAvailtoComStockholders,TotalOperatingIncomeAsReported,TotalExpenses,NetIncomeFromContinuingAndDiscontinuedOperation,NormalizedIncome,EBIT,ReconciledCostOfRevenue,NetIncomeFromContinuingOperationNetMinorityInterest,NormalizedEBITDA,TaxRateForCalcs,TaxEffectOfUnusualItems,OperatingCashFlow,	CashFlowFromContinuingOperatingActivities,		DepreciationAmortizationDepletion,			DepreciationAndAmortization,				Depreciation,				AmortizationCashFlow,					AmortizationOfIntangibles,		ChangeInWorkingCapital,			ChangeInReceivables,			ChangeInPayablesAndAccruedExpense,			ChangeInOtherWorkingCapital,InvestingCashFlow,	CashFlowFromContinuingInvestingActivities,		NetPPEPurchaseAndSale,			PurchaseOfPPE,		NetInvestmentPurchaseAndSale,			PurchaseOfInvestment,			SaleOfInvestment,FinancingCashFlow,	CashFlowFromContinuingFinancingActivities,EndCashPosition,	ChangesInCash,	EffectOfExchangeRateChanges,	BeginningCashPosition,CapitalExpenditure,FreeCashFlow,Close
9/30/2020,299243000000.0,164369000000.0,132596000000.0,20129000000.0,112467000000.0,25513000000.0,24925000000.0,134874000000.0,93582000000.0,132233000000.0,-38651000000.0,22390000000.0,1520000000.0,86323000000.0,48200000000.0,25695000000.0,5490000000.0,4391000000.0,20205000000.0,2302000000.0,2302000000.0,38123000000.0,212920000000.0,212920000000.0,57307000000.0,57307000000.0,155567000000.0,46000000.0,226822000000.0,212920000000.0,190530000000.0,116169000000.0,226822000000.0,190530000000.0,677724000.0,677724000.0,46173000000.0,46017000000.0,21117000000.0,25056000000.0,13843000000.0,6856000000.0,11213000000.0,13359000000.0,2112000000.0,11247000000.0,11247000000.0,11247000000.0,11247000000.0,11247000000.0,11213000000.0,34960000000.0,11247000000.0,9621098000.0,13407000000.0,21117000000.0,11247000000.0,14954000000.0,0.16,305098000.0,17003000000.0,17003000000.0,3478000000.0,3478000000.0,3289000000.0,189000000.0,189000000.0,756000000.0,-3601000000.0,4379000000.0,211000000.0,-15197000000.0,-15197000000.0,-5406000000.0,-5406000000.0,-9372000000.0,-41374000000.0,32002000000.0,546000000.0,546000000.0,20129000000.0,2352000000.0,35000000.0,17742000000.0,-5406000000.0,11597000000.0,1469.599976
6/30/2020,278492000000.0,149069000000.0,121080000000.0,17742000000.0,103338000000.0,21595000000.0,21201000000.0,129423000000.0,90315000000.0,125859000000.0,-35544000000.0,22521000000.0,1697000000.0,71170000000.0,43658000000.0,23544000000.0,5039000000.0,4064000000.0,18505000000.0,2061000000.0,2061000000.0,27512000000.0,207322000000.0,207322000000.0,55937000000.0,55937000000.0,151681000000.0,-296000000.0,210285000000.0,207322000000.0,184801000000.0,105411000000.0,210285000000.0,184801000000.0,681215000.0,681215000.0,38297000000.0,37998000000.0,18553000000.0,19744000000.0,13361000000.0,6875000000.0,6383000000.0,8277000000.0,1318000000.0,6959000000.0,6959000000.0,6959000000.0,6959000000.0,7429000000.0,6383000000.0,31914000000.0,6959000000.0,5487250000.0,8290000000.0,18553000000.0,6959000000.0,9926000000.0,0.16,278250000.0,13993000000.0,13993000000.0,3386000000.0,3386000000.0,3178000000.0,208000000.0,208000000.0,2327000000.0,-80000000.0,1757000000.0,894000000.0,-8448000000.0,-8448000000.0,-5391000000.0,-5391000000.0,-3011000000.0,-27287000000.0,24276000000.0,-7498000000.0,-7498000000.0,17742000000.0,-1953000000.0,51000000.0,19644000000.0,-5391000000.0,8602000000.0,1413.609985
3/31/2020,273403000000.0,147018000000.0,117229000000.0,19644000000.0,97585000000.0,23735000000.0,21825000000.0,126385000000.0,87966000000.0,120903000000.0,-32937000000.0,22574000000.0,1840000000.0,69744000000.0,40189000000.0,21926000000.0,5012000000.0,4099000000.0,16914000000.0,1938000000.0,1938000000.0,29555000000.0,203659000000.0,203659000000.0,53688000000.0,53688000000.0,151068000000.0,-1097000000.0,207619000000.0,203659000000.0,181085000000.0,106829000000.0,207619000000.0,181085000000.0,683972000.0,683972000.0,41159000000.0,40975000000.0,18982000000.0,22177000000.0,14200000000.0,6820000000.0,7977000000.0,7757000000.0,921000000.0,6836000000.0,6836000000.0,6836000000.0,6836000000.0,6836000000.0,7977000000.0,33182000000.0,6836000000.0,7613923000.0,7778000000.0,18982000000.0,6836000000.0,11769000000.0,0.12,-105077000.0,11451000000.0,11451000000.0,3108000000.0,3108000000.0,2899000000.0,209000000.0,209000000.0,-2958000000.0,2602000000.0,-5237000000.0,-208000000.0,-1847000000.0,-1847000000.0,-6005000000.0,-6005000000.0,3936000000.0,-38135000000.0,42071000000.0,-8186000000.0,-8186000000.0,19644000000.0,1418000000.0,-272000000.0,18498000000.0,-6005000000.0,5446000000.0,1162.810059
12/31/2019,275909000000.0,152578000000.0,119675000000.0,18498000000.0,101177000000.0,27492000000.0,25326000000.0,123331000000.0,84587000000.0,115148000000.0,-30561000000.0,22603000000.0,1979000000.0,74467000000.0,45221000000.0,24214000000.0,5835000000.0,5561000000.0,18379000000.0,1908000000.0,1908000000.0,29246000000.0,201442000000.0,201442000000.0,50552000000.0,50552000000.0,152122000000.0,-1232000000.0,205400000000.0,201442000000.0,178839000000.0,107357000000.0,205400000000.0,178839000000.0,688335000.0,688335000.0,46075000000.0,63506000000.0,21020000000.0,25055000000.0,15789000000.0,7222000000.0,9266000000.0,10704000000.0,33000000.0,10671000000.0,10671000000.0,10671000000.0,10671000000.0,10671000000.0,9266000000.0,36809000000.0,10671000000.0,10233353419.0,10721000000.0,21020000000.0,10671000000.0,13695000000.0,0.0,1353419.28,14427000000.0,14427000000.0,3413000000.0,3413000000.0,3082000000.0,331000000.0,331000000.0,-1222000000.0,-4365000000.0,6129000000.0,-3152000000.0,-4703000000.0,-4703000000.0,-6052000000.0,-6052000000.0,3370000000.0,-19780000000.0,23150000000.0,-7326000000.0,-7326000000.0,18498000000.0,2398000000.0,68000000.0,16032000000.0,-6052000000.0,8375000000.0,1337.02002
9/30/2019,263044000000.0,148358000000.0,121177000000.0,16032000000.0,105145000000.0,21081000000.0,20889000000.0,114686000000.0,79593000000.0,107746000000.0,-28153000000.0,19816000000.0,1747000000.0,68075000000.0,39224000000.0,20955000000.0,4273000000.0,4142000000.0,16682000000.0,1679000000.0,1679000000.0,28851000000.0,194969000000.0,194969000000.0,49040000000.0,49040000000.0,147125000000.0,-1196000000.0,198925000000.0,194969000000.0,175153000000.0,109134000000.0,198925000000.0,175153000000.0,690906000.0,690906000.0,40499000000.0,33916000000.0,17568000000.0,22931000000.0,13754000000.0,6554000000.0,9177000000.0,8628000000.0,1560000000.0,7068000000.0,7068000000.0,7068000000.0,7068000000.0,7068000000.0,9177000000.0,31322000000.0,7068000000.0,8245722000.0,8651000000.0,17568000000.0,7068000000.0,13009000000.0,0.18,-260278000.0,15466000000.0,15466000000.0,2920000000.0,2920000000.0,2732000000.0,188000000.0,188000000.0,1685000000.0,-1000000.0,2171000000.0,126000000.0,-8945000000.0,-8945000000.0,-6732000000.0,-6732000000.0,-2466000000.0,-36648000000.0,34182000000.0,-6954000000.0,-6954000000.0,16032000000.0,-433000000.0,-122000000.0,16587000000.0,-6732000000.0,8734000000.0,1219.0
12/31/2018,232792000000.0,135676000000.0,109140000000.0,16701000000.0,92439000000.0,21193000000.0,20838000000.0,97116000000.0,59719000000.0,82507000000.0,-22788000000.0,20108000000.0,2220000000.0,55164000000.0,34620000000.0,18243000000.0,4447000000.0,4378000000.0,13796000000.0,1784000000.0,1784000000.0,20544000000.0,177628000000.0,177628000000.0,45049000000.0,45049000000.0,134885000000.0,-2306000000.0,181578000000.0,177628000000.0,157520000000.0,101056000000.0,181578000000.0,157520000000.0,695556000.0,695556000.0,39276000000.0,52541000000.0,17918000000.0,21358000000.0,13155000000.0,6034000000.0,8203000000.0,10072000000.0,1124000000.0,8948000000.0,8948000000.0,8948000000.0,8948000000.0,8948000000.0,8203000000.0,31073000000.0,8948000000.0,7820615965.0,10101000000.0,17918000000.0,8948000000.0,11412000000.0,0.11,141615965.1,12987000000.0,12987000000.0,2580000000.0,2580000000.0,2373000000.0,207000000.0,207000000.0,495000000.0,-2887000000.0,3610000000.0,-261000000.0,-6876000000.0,-6876000000.0,-7052000000.0,-7081000000.0,215000000.0,-13773000000.0,13988000000.0,-2746000000.0,-2746000000.0,16701000000.0,3365000000.0,-107000000.0,13443000000.0,-7081000000.0,5906000000.0,1035.609985
6/30/2017,178621000000.0,112386000000.0,94713000000.0,15711000000.0,79002000000.0,14877000000.0,14003000000.0,66235000000.0,37676000000.0,53341000000.0,-15665000000.0,19537000000.0,2933000000.0,30335000000.0,18685000000.0,11433000000.0,2621000000.0,2488000000.0,8812000000.0,1226000000.0,1226000000.0,11650000000.0,148286000000.0,148286000000.0,38509000000.0,38509000000.0,111505000000.0,-1728000000.0,152225000000.0,148286000000.0,128749000000.0,93701000000.0,152225000000.0,128749000000.0,692876000.0,692876000.0,26010000000.0,22672000000.0,10373000000.0,15637000000.0,8769000000.0,4172000000.0,6868000000.0,4377000000.0,853000000.0,3524000000.0,3524000000.0,3524000000.0,3524000000.0,3524000000.0,4132000000.0,19142000000.0,3524000000.0,5776390000.0,4398000000.0,10373000000.0,3524000000.0,8821000000.0,0.2,-545610000.0,7403000000.0,7403000000.0,1625000000.0,1625000000.0,1424000000.0,201000000.0,201000000.0,284000000.0,-836000000.0,3651000000.0,-2205000000.0,-7172000000.0,-7172000000.0,-2818000000.0,-2831000000.0,-4981000000.0,-19897000000.0,14916000000.0,-2740000000.0,-2740000000.0,15711000000.0,-2509000000.0,88000000.0,18132000000.0,-2831000000.0,4572000000.0,908.7299800000001
3/31/2017,172756000000.0,108794000000.0,92439000000.0,18132000000.0,74307000000.0,12969000000.0,12913000000.0,63962000000.0,35936000000.0,50321000000.0,-14385000000.0,19684000000.0,3137000000.0,27807000000.0,15256000000.0,11435000000.0,3109000000.0,2306000000.0,8326000000.0,1148000000.0,1148000000.0,12551000000.0,144949000000.0,144949000000.0,37698000000.0,37698000000.0,109420000000.0,-2169000000.0,148886000000.0,144949000000.0,125265000000.0,93538000000.0,148886000000.0,125265000000.0,692108000.0,692108000.0,24750000000.0,24506000000.0,9795000000.0,14955000000.0,8387000000.0,3942000000.0,6568000000.0,6819000000.0,1393000000.0,5426000000.0,5426000000.0,5426000000.0,5426000000.0,5426000000.0,6568000000.0,18182000000.0,5426000000.0,5481720000.0,6844000000.0,9795000000.0,5426000000.0,8417000000.0,0.2,-14280000.0,9548000000.0,9548000000.0,1503000000.0,1503000000.0,1287000000.0,216000000.0,216000000.0,-79000000.0,1267000000.0,-1839000000.0,621000000.0,-2851000000.0,-2851000000.0,-2467000000.0,-2508000000.0,-1033000000.0,-20473000000.0,19440000000.0,-1674000000.0,-1674000000.0,18132000000.0,5023000000.0,191000000.0,12918000000.0,-2508000000.0,7040000000.0,829.5599980000001
9/30/2016,159948000000.0,98546000000.0,83056000000.0,9406000000.0,73650000000.0,12395000000.0,11979000000.0,61402000000.0,32753000000.0,46094000000.0,-13341000000.0,19395000000.0,3367000000.0,25845000000.0,14323000000.0,9728000000.0,2346000000.0,2175000000.0,7382000000.0,923000000.0,923000000.0,11522000000.0,134103000000.0,134103000000.0,35337000000.0,35337000000.0,99798000000.0,-1032000000.0,138041000000.0,134103000000.0,114708000000.0,84223000000.0,138041000000.0,114708000000.0,689136000.0,689136000.0,22451000000.0,22254000000.0,8699000000.0,13752000000.0,7985000000.0,3596000000.0,5767000000.0,6045000000.0,984000000.0,5061000000.0,5061000000.0,5061000000.0,5061000000.0,5061000000.0,5767000000.0,16684000000.0,5061000000.0,5088621000.0,6074000000.0,8699000000.0,5061000000.0,7703000000.0,0.16,-5379000.0,9845000000.0,9845000000.0,1596000000.0,1596000000.0,1377000000.0,219000000.0,219000000.0,1637000000.0,-282000000.0,1454000000.0,512000000.0,-13045000000.0,-13045000000.0,-2357000000.0,-2583000000.0,-8371000000.0,-25411000000.0,17040000000.0,-1089000000.0,-1089000000.0,9406000000.0,-4289000000.0,68000000.0,13627000000.0,-2583000000.0,7262000000.0,777.289978
6/30/2016,154292000000.0,94238000000.0,78460000000.0,13627000000.0,64833000000.0,12762000000.0,11686000000.0,60054000000.0,31413000000.0,43904000000.0,-12491000000.0,19293000000.0,3452000000.0,26413000000.0,17341000000.0,10813000000.0,3966000000.0,1716000000.0,6847000000.0,900000000.0,900000000.0,9072000000.0,127879000000.0,127879000000.0,34293000000.0,34293000000.0,94737000000.0,-1151000000.0,129863000000.0,127879000000.0,108586000000.0,76897000000.0,131862000000.0,108586000000.0,686778000.0,686778000.0,21500000000.0,19143000000.0,8130000000.0,13370000000.0,7402000000.0,3363000000.0,5968000000.0,6119000000.0,1242000000.0,4877000000.0,4877000000.0,4877000000.0,4877000000.0,4877000000.0,5968000000.0,15532000000.0,4877000000.0,4990174000.0,6151000000.0,8130000000.0,4877000000.0,7783000000.0,0.2,-28826000.0,9120000000.0,9120000000.0,1490000000.0,1490000000.0,1271000000.0,219000000.0,219000000.0,1259000000.0,-835000000.0,724000000.0,1394000000.0,-7173000000.0,-7173000000.0,-2123000000.0,-2123000000.0,-4906000000.0,-25152000000.0,20246000000.0,-3440000000.0,-3440000000.0,13627000000.0,-1493000000.0,9000000.0,15111000000.0,-2123000000.0,6997000000.0,692.099976
3/31/2016,149747000000.0,90955000000.0,75264000000.0,15111000000.0,60153000000.0,12972000000.0,10818000000.0,58792000000.0,30162000000.0,41995000000.0,-11833000000.0,19523000000.0,3657000000.0,26178000000.0,17684000000.0,10912000000.0,4168000000.0,1667000000.0,6744000000.0,933000000.0,933000000.0,8494000000.0,123569000000.0,123569000000.0,33695000000.0,33695000000.0,91168000000.0,-1294000000.0,125556000000.0,123569000000.0,104046000000.0,73271000000.0,128554000000.0,104046000000.0,686792000.0,686792000.0,20257000000.0,18020000000.0,7648000000.0,12609000000.0,7267000000.0,3367000000.0,5342000000.0,5129000000.0,922000000.0,4207000000.0,4207000000.0,4207000000.0,4207000000.0,4207000000.0,5342000000.0,14915000000.0,4207000000.0,4589120000.0,5159000000.0,7648000000.0,4207000000.0,6996000000.0,0.18,-83880000.0,7658000000.0,7658000000.0,1371000000.0,1371000000.0,1155000000.0,216000000.0,216000000.0,-172000000.0,818000000.0,-1464000000.0,289000000.0,-6245000000.0,-6245000000.0,-2428000000.0,-2428000000.0,-3526000000.0,-21069000000.0,17543000000.0,-2911000000.0,-2911000000.0,15111000000.0,-1498000000.0,60000000.0,16549000000.0,-2428000000.0,5230000000.0,744.950012
12/31/2015,147461000000.0,90114000000.0,73066000000.0,16549000000.0,56517000000.0,13909000000.0,11556000000.0,57347000000.0,29016000000.0,40146000000.0,-11130000000.0,19716000000.0,3847000000.0,27130000000.0,19310000000.0,11758000000.0,4661000000.0,1931000000.0,7097000000.0,788000000.0,788000000.0,7820000000.0,120331000000.0,120331000000.0,32982000000.0,32982000000.0,89223000000.0,-1874000000.0,122326000000.0,120331000000.0,100615000000.0,70804000000.0,125326000000.0,100615000000.0,687348000.0,687348000.0,21329000000.0,19078000000.0,8188000000.0,13141000000.0,7761000000.0,3510000000.0,5380000000.0,5200000000.0,277000000.0,4923000000.0,4923000000.0,4923000000.0,4923000000.0,4923000000.0,5380000000.0,15949000000.0,4923000000.0,5361336346.0,5226000000.0,8188000000.0,4923000000.0,7093000000.0,0.05,-24663653.85,6415000000.0,6415000000.0,1404000000.0,1404000000.0,1153000000.0,251000000.0,251000000.0,-1898000000.0,-1758000000.0,1556000000.0,-1174000000.0,-5487000000.0,-5487000000.0,-2100000000.0,-2100000000.0,-2557000000.0,-18552000000.0,15995000000.0,-2365000000.0,-2365000000.0,16549000000.0,-1437000000.0,-82000000.0,18068000000.0,-2100000000.0,4315000000.0,758.880005
9/30/2015,144281000000.0,88103000000.0,72767000000.0,18068000000.0,54699000000.0,10436000000.0,9749000000.0,56178000000.0,28338000000.0,38908000000.0,-10570000000.0,19698000000.0,4023000000.0,28040000000.0,18457000000.0,11527000000.0,5030000000.0,1549000000.0,6497000000.0,705000000.0,705000000.0,9583000000.0,116241000000.0,116241000000.0,31864000000.0,31864000000.0,85969000000.0,-1592000000.0,118235000000.0,116241000000.0,96543000000.0,69646000000.0,121234000000.0,96543000000.0,687693000.0,687693000.0,18675000000.0,16781000000.0,7037000000.0,11638000000.0,6930000000.0,3230000000.0,4708000000.0,4891000000.0,912000000.0,3979000000.0,3979000000.0,3979000000.0,3979000000.0,3979000000.0,4708000000.0,13967000000.0,3979000000.0,4059586000.0,4917000000.0,7037000000.0,3979000000.0,6264000000.0,0.19,-18414000.0,6007000000.0,6007000000.0,1248000000.0,1248000000.0,1030000000.0,218000000.0,218000000.0,-138000000.0,-267000000.0,865000000.0,-878000000.0,-5817000000.0,-5817000000.0,-2373000000.0,-2373000000.0,-3914000000.0,-23413000000.0,19499000000.0,-471000000.0,-471000000.0,18068000000.0,-281000000.0,-104000000.0,18453000000.0,-2373000000.0,3634000000.0,608.419983
6/30/2015,138807000000.0,84164000000.0,69780000000.0,18453000000.0,51327000000.0,10019000000.0,9394000000.0,54643000000.0,27008000000.0,37112000000.0,-10104000000.0,19823000000.0,4213000000.0,27024000000.0,17362000000.0,11176000000.0,4957000000.0,1315000000.0,6219000000.0,712000000.0,712000000.0,9662000000.0,111783000000.0,111783000000.0,30722000000.0,30722000000.0,81990000000.0,-929000000.0,113777000000.0,111783000000.0,91960000000.0,66802000000.0,116776000000.0,91960000000.0,685490000.0,685490000.0,17727000000.0,16023000000.0,6583000000.0,11144000000.0,6319000000.0,2789000000.0,4825000000.0,4956000000.0,1025000000.0,3409000000.0,3931000000.0,3931000000.0,3931000000.0,3409000000.0,4825000000.0,12902000000.0,3931000000.0,4022988000.0,4982000000.0,6583000000.0,3931000000.0,6332000000.0,0.21,-24012000.0,6985000000.0,6985000000.0,1234000000.0,1234000000.0,1011000000.0,223000000.0,223000000.0,1019000000.0,-767000000.0,548000000.0,1219000000.0,-5103000000.0,-5103000000.0,-2515000000.0,-2515000000.0,-3546000000.0,-20943000000.0,17397000000.0,-450000000.0,-450000000.0,18453000000.0,1432000000.0,45000000.0,16976000000.0,-2515000000.0,4470000000.0,520.51001
3/31/2015,133400000000.0,80313000000.0,65436000000.0,16976000000.0,48460000000.0,10310000000.0,8584000000.0,53087000000.0,25448000000.0,34843000000.0,-9395000000.0,19953000000.0,4380000000.0,24952000000.0,14336000000.0,9717000000.0,3468000000.0,1688000000.0,6249000000.0,699000000.0,699000000.0,10616000000.0,108448000000.0,108448000000.0,29527000000.0,29527000000.0,79292000000.0,-371000000.0,111441000000.0,108448000000.0,88495000000.0,65977000000.0,113441000000.0,88495000000.0,683267834.0,683267834.0,17258000000.0,15508000000.0,6356000000.0,10902000000.0,6455000000.0,2753000000.0,4447000000.0,4604000000.0,1018000000.0,3586000000.0,3586000000.0,3586000000.0,3586000000.0,3586000000.0,4447000000.0,12811000000.0,3586000000.0,3609370000.0,4630000000.0,6356000000.0,3586000000.0,5837000000.0,0.22,-6630000.0,6617000000.0,6617000000.0,1177000000.0,1177000000.0,938000000.0,239000000.0,239000000.0,608000000.0,698000000.0,-830000000.0,697000000.0,-7304000000.0,-7304000000.0,-2927000000.0,-2927000000.0,-3193000000.0,-13632000000.0,10439000000.0,-391000000.0,-391000000.0,16976000000.0,-1078000000.0,-293000000.0,18347000000.0,-2927000000.0,3690000000.0,546.499573
12/31/2014,131133000000.0,80685000000.0,64395000000.0,18347000000.0,46048000000.0,11556000000.0,9383000000.0,50448000000.0,23883000000.0,32746000000.0,-8863000000.0,20206000000.0,4607000000.0,26633000000.0,16805000000.0,10975000000.0,4589000000.0,1715000000.0,6386000000.0,752000000.0,752000000.0,9828000000.0,104500000000.0,104500000000.0,28767000000.0,28767000000.0,75706000000.0,27000000.0,107492000000.0,104500000000.0,84294000000.0,63880000000.0,109491000000.0,84294000000.0,681106395.0,681106395.0,18103000000.0,16149000000.0,6921000000.0,11182000000.0,6783000000.0,2813000000.0,4399000000.0,4527000000.0,737000000.0,4757000000.0,4757000000.0,4757000000.0,3790000000.0,4757000000.0,4399000000.0,13704000000.0,4757000000.0,3873719903.0,4552000000.0,6921000000.0,3790000000.0,5919000000.0,0.16,-16280097.2,6364000000.0,6364000000.0,1267000000.0,1267000000.0,1010000000.0,257000000.0,257000000.0,-342000000.0,-1151000000.0,1099000000.0,-243000000.0,-3241000000.0,-3241000000.0,-3551000000.0,-3551000000.0,806000000.0,-13859000000.0,14665000000.0,-344000000.0,-344000000.0,18347000000.0,2779000000.0,-197000000.0,15605000000.0,-3551000000.0,2813000000.0,524.95874
9/30/2014,125781000000.0,80115000000.0,62157000000.0,15605000000.0,46552000000.0,10019000000.0,8237000000.0,45666000000.0,20981000000.0,29292000000.0,-8311000000.0,20205000000.0,4744000000.0,26966000000.0,17920000000.0,10464000000.0,4770000000.0,1368000000.0,5694000000.0,820000000.0,820000000.0,9046000000.0,98815000000.0,98815000000.0,27948000000.0,27948000000.0,70949000000.0,-82000000.0,101807000000.0,98815000000.0,78610000000.0,62195000000.0,103807000000.0,78610000000.0,679208329.0,679208329.0,16523000000.0,14682000000.0,6695000000.0,9828000000.0,6104000000.0,2655000000.0,3724000000.0,3857000000.0,859000000.0,2813000000.0,2813000000.0,2813000000.0,2998000000.0,2813000000.0,3724000000.0,12799000000.0,2813000000.0,3035296000.0,3882000000.0,6695000000.0,2998000000.0,5477000000.0,0.22,-10704000.0,5994000000.0,5994000000.0,1547000000.0,1547000000.0,884000000.0,663000000.0,663000000.0,825000000.0,-36000000.0,461000000.0,413000000.0,-9327000000.0,-9327000000.0,-2417000000.0,-2417000000.0,-6084000000.0,-19129000000.0,13045000000.0,-455000000.0,-455000000.0,15605000000.0,-3788000000.0,-227000000.0,19620000000.0,-2417000000.0,3577000000.0,575.779175
6/30/2014,121608000000.0,77905000000.0,61204000000.0,19620000000.0,41584000000.0,9539000000.0,8321000000.0,43703000000.0,19486000000.0,27574000000.0,-8088000000.0,19820000000.0,5234000000.0,25859000000.0,17097000000.0,9800000000.0,4431000000.0,1345000000.0,5369000000.0,882000000.0,882000000.0,8762000000.0,95749000000.0,95749000000.0,27111000000.0,27111000000.0,68136000000.0,502000000.0,98740000000.0,95749000000.0,75929000000.0,60808000000.0,100740000000.0,75929000000.0,676832716.0,676832716.0,15955000000.0,14359000000.0,6114000000.0,9841000000.0,5583000000.0,2238000000.0,4258000000.0,4403000000.0,913000000.0,3422000000.0,3422000000.0,3422000000.0,3490000000.0,3422000000.0,4258000000.0,11697000000.0,3422000000.0,3490793000.0,4430000000.0,6114000000.0,3490000000.0,5510000000.0,0.21,-207000.0,5627000000.0,5627000000.0,1079000000.0,1079000000.0,813000000.0,266000000.0,266000000.0,670000000.0,-721000000.0,850000000.0,-286000000.0,-1180000000.0,-1180000000.0,-2646000000.0,-2646000000.0,1075000000.0,-13074000000.0,14149000000.0,-1462000000.0,-1462000000.0,19620000000.0,2985000000.0,-4000000.0,16639000000.0,-2646000000.0,2981000000.0,573.704895
3/31/2014,116526000000.0,75314000000.0,59379000000.0,16639000000.0,42740000000.0,8421000000.0,7827000000.0,41212000000.0,17877000000.0,25719000000.0,-7842000000.0,19494000000.0,5317000000.0,24815000000.0,16270000000.0,8755000000.0,3776000000.0,1623000000.0,4979000000.0,947000000.0,947000000.0,8545000000.0,91711000000.0,91711000000.0,26652000000.0,26652000000.0,64714000000.0,345000000.0,94702000000.0,91711000000.0,72217000000.0,59044000000.0,97702000000.0,72217000000.0,675115151.0,675115151.0,15420000000.0,13866000000.0,5961000000.0,9459000000.0,5344000000.0,2126000000.0,4115000000.0,4472000000.0,822000000.0,3452000000.0,3452000000.0,3452000000.0,3650000000.0,3452000000.0,4115000000.0,11305000000.0,3452000000.0,3499040000.0,4496000000.0,5961000000.0,3650000000.0,5397000000.0,0.18,34040000.0,4391000000.0,4391000000.0,1086000000.0,1086000000.0,816000000.0,270000000.0,270000000.0,-789000000.0,267000000.0,-972000000.0,224000000.0,-7307000000.0,-7307000000.0,-2345000000.0,-2345000000.0,-2794000000.0,-12250000000.0,9456000000.0,822000000.0,822000000.0,16639000000.0,-2094000000.0,-5000000.0,18898000000.0,-2345000000.0,2046000000.0,555.445007
12/31/2013,110920000000.0,72886000000.0,58717000000.0,18898000000.0,39819000000.0,9390000000.0,8882000000.0,38034000000.0,16524000000.0,23837000000.0,-7313000000.0,17558000000.0,6066000000.0,23611000000.0,15908000000.0,9335000000.0,3851000000.0,2453000000.0,5484000000.0,1062000000.0,1062000000.0,7703000000.0,87309000000.0,87309000000.0,25922000000.0,25922000000.0,61262000000.0,125000000.0,89299000000.0,87309000000.0,69751000000.0,56978000000.0,92299000000.0,69751000000.0,671013828.0,671013828.0,16858000000.0,15148000000.0,7438000000.0,9420000000.0,5498000000.0,2111000000.0,3922000000.0,4047000000.0,666000000.0,3376000000.0,3376000000.0,3376000000.0,3381000000.0,3376000000.0,3922000000.0,12936000000.0,3376000000.0,3452011861.0,4068000000.0,7438000000.0,3381000000.0,5189000000.0,0.17,-13988139.36,5238000000.0,5238000000.0,1036000000.0,1036000000.0,757000000.0,279000000.0,279000000.0,598000000.0,-853000000.0,1549000000.0,637000000.0,-1617000000.0,-1617000000.0,-2255000000.0,-2255000000.0,1277000000.0,-13796000000.0,15073000000.0,32000000.0,32000000.0,18898000000.0,3653000000.0,3000000.0,15242000000.0,-2255000000.0,2983000000.0,558.262512
9/30/2013,105068000000.0,68858000000.0,56523000000.0,15242000000.0,41281000000.0,8592000000.0,7921000000.0,36210000000.0,14867000000.0,21722000000.0,-6855000000.0,17716000000.0,6290000000.0,22079000000.0,14475000000.0,8560000000.0,4017000000.0,2124000000.0,4543000000.0,907000000.0,907000000.0,7604000000.0,82989000000.0,82989000000.0,25004000000.0,25004000000.0,57886000000.0,99000000.0,84979000000.0,82989000000.0,65273000000.0,54383000000.0,87979000000.0,65273000000.0,667667071.0,667667071.0,14893000000.0,13726000000.0,6413000000.0,8480000000.0,5036000000.0,2017000000.0,3444000000.0,3468000000.0,513000000.0,2970000000.0,2970000000.0,2970000000.0,2955000000.0,2970000000.0,3444000000.0,11449000000.0,2970000000.0,3107508000.0,3490000000.0,6413000000.0,2955000000.0,4643000000.0,0.15,-26492000.0,5083000000.0,5083000000.0,974000000.0,974000000.0,693000000.0,281000000.0,281000000.0,414000000.0,-516000000.0,450000000.0,169000000.0,-5818000000.0,-5818000000.0,-2289000000.0,-2289000000.0,-2358000000.0,-9193000000.0,6835000000.0,-267000000.0,-267000000.0,15242000000.0,-1002000000.0,80000000.0,16164000000.0,-2289000000.0,2794000000.0,436.31958
12/31/2012,93798000000.0,60454000000.0,48088000000.0,14778000000.0,33310000000.0,8585000000.0,7885000000.0,33344000000.0,11854000000.0,17697000000.0,-5843000000.0,18010000000.0,7473000000.0,22083000000.0,14337000000.0,8654000000.0,3925000000.0,2012000000.0,4729000000.0,895000000.0,895000000.0,7746000000.0,71715000000.0,71715000000.0,22835000000.0,22835000000.0,48342000000.0,538000000.0,74703000000.0,71715000000.0,53705000000.0,46117000000.0,77252000000.0,53705000000.0,659319160.0,659319160.0,13215000000.0,10862000000.0,5278000000.0,7937000000.0,4505000000.0,1758000000.0,3432000000.0,3585000000.0,648000000.0,2886000000.0,2886000000.0,2886000000.0,2937000000.0,2886000000.0,3432000000.0,9783000000.0,2886000000.0,2988612552.0,3606000000.0,5278000000.0,2937000000.0,4622000000.0,0.18,-11387447.7,4669000000.0,4669000000.0,953000000.0,953000000.0,630000000.0,323000000.0,323000000.0,482000000.0,-559000000.0,409000000.0,137000000.0,-5514000000.0,-5514000000.0,-1020000000.0,-1020000000.0,-4384000000.0,-9614000000.0,5230000000.0,-692000000.0,-692000000.0,14778000000.0,-1537000000.0,55000000.0,16260000000.0,-1020000000.0,3649000000.0,352.369232
9/30/2011,69088000000.0,50042000000.0,42560000000.0,10630000000.0,31930000000.0,5861000000.0,4583000000.0,19046000000.0,9204000000.0,13815000000.0,-4611000000.0,8463000000.0,1474000000.0,14258000000.0,8888000000.0,5735000000.0,3618000000.0,563000000.0,2117000000.0,489000000.0,489000000.0,5370000000.0,54830000000.0,54830000000.0,19697000000.0,19697000000.0,34901000000.0,232000000.0,57816000000.0,54830000000.0,46367000000.0,41154000000.0,59034000000.0,46367000000.0,646887205.0,646887205.0,9720000000.0,9720000000.0,3378000000.0,6342000000.0,3284000000.0,1404000000.0,3058000000.0,3360000000.0,631000000.0,2729000000.0,2729000000.0,2729000000.0,2729000000.0,2729000000.0,3058000000.0,6662000000.0,2729000000.0,2638033333.0,3381000000.0,3378000000.0,2729000000.0,3761000000.0,0.19,21033333.33,3950000000.0,3950000000.0,492000000.0,492000000.0,363000000.0,129000000.0,129000000.0,176000000.0,-223000000.0,383000000.0,14000000.0,-3447000000.0,-3447000000.0,-680000000.0,-680000000.0,-3398000000.0,-22878000000.0,19480000000.0,-80000000.0,-80000000.0,10630000000.0,423000000.0,-113000000.0,10320000000.0,-680000000.0,3270000000.0,256.55835
6/30/2011,64861000000.0,46442000000.0,39118000000.0,10320000000.0,28798000000.0,5843000000.0,4476000000.0,18419000000.0,9003000000.0,13495000000.0,-4492000000.0,8058000000.0,1381000000.0,12870000000.0,7798000000.0,4912000000.0,2503000000.0,567000000.0,2409000000.0,489000000.0,489000000.0,5072000000.0,51991000000.0,51991000000.0,19216000000.0,19216000000.0,32172000000.0,603000000.0,54976000000.0,51991000000.0,43933000000.0,38644000000.0,56193000000.0,43933000000.0,644711314.0,644711314.0,9026000000.0,9026000000.0,3172000000.0,5854000000.0,2973000000.0,1234000000.0,2881000000.0,3085000000.0,580000000.0,2505000000.0,2505000000.0,2505000000.0,2505000000.0,2505000000.0,2881000000.0,6145000000.0,2505000000.0,2511495948.0,2881000000.0,3172000000.0,2505000000.0,3344000000.0,0.19,-1504051.86,3519000000.0,3519000000.0,455000000.0,455000000.0,347000000.0,108000000.0,108000000.0,-61000000.0,-205000000.0,178000000.0,36000000.0,-6614000000.0,-6614000000.0,-917000000.0,-917000000.0,-4864000000.0,-13846000000.0,8982000000.0,958000000.0,958000000.0,10320000000.0,-2137000000.0,42000000.0,12415000000.0,-917000000.0,2602000000.0,252.24452200000002
3/31/2011,59960000000.0,43310000000.0,36675000000.0,12415000000.0,24260000000.0,4818000000.0,4216000000.0,16650000000.0,8249000000.0,12509000000.0,-4260000000.0,7324000000.0,1016000000.0,11109000000.0,9332000000.0,4731000000.0,2396000000.0,516000000.0,2335000000.0,440000000.0,440000000.0,1777000000.0,48851000000.0,48851000000.0,18804000000.0,18804000000.0,29666000000.0,381000000.0,48851000000.0,48851000000.0,41527000000.0,33978000000.0,52067000000.0,41527000000.0,643630361.0,643630361.0,8575000000.0,8575000000.0,2936000000.0,5639000000.0,3343000000.0,1226000000.0,2296000000.0,2392000000.0,594000000.0,1798000000.0,1798000000.0,1798000000.0,1798000000.0,1798000000.0,2296000000.0,6279000000.0,1798000000.0,1868657191.0,2296000000.0,2936000000.0,1798000000.0,2791000000.0,0.25,-23342809.37,3172000000.0,3172000000.0,401000000.0,401000000.0,301000000.0,100000000.0,100000000.0,240000000.0,181000000.0,104000000.0,33000000.0,-4421000000.0,-4421000000.0,-890000000.0,-890000000.0,-3077000000.0,-7722000000.0,4645000000.0,-111000000.0,-111000000.0,12415000000.0,-1360000000.0,145000000.0,13630000000.0,-890000000.0,2282000000.0,292.284454
12/31/2010,57851000000.0,41562000000.0,34975000000.0,13630000000.0,21345000000.0,5002000000.0,4252000000.0,16289000000.0,7759000000.0,11771000000.0,-4012000000.0,7300000000.0,1044000000.0,11610000000.0,9996000000.0,6137000000.0,2881000000.0,483000000.0,3256000000.0,394000000.0,394000000.0,1614000000.0,46241000000.0,46241000000.0,18235000000.0,18235000000.0,27868000000.0,138000000.0,46241000000.0,46241000000.0,38941000000.0,31566000000.0,49706000000.0,38941000000.0,641979960.0,641979960.0,8440000000.0,8440000000.0,2946000000.0,5494000000.0,2512000000.0,1051000000.0,2982000000.0,3142000000.0,599000000.0,2543000000.0,2543000000.0,2543000000.0,2543000000.0,2543000000.0,2982000000.0,5458000000.0,2543000000.0,2555949714.0,2982000000.0,2946000000.0,2543000000.0,3379000000.0,0.19,-3050286.44,3526000000.0,3526000000.0,381000000.0,381000000.0,280000000.0,101000000.0,101000000.0,276000000.0,-673000000.0,929000000.0,79000000.0,-2849000000.0,-2849000000.0,-2545000000.0,-2545000000.0,-2457000000.0,-6326000000.0,3869000000.0,1752000000.0,1752000000.0,13630000000.0,2429000000.0,-56000000.0,11257000000.0,-2545000000.0,981000000.0,295.875977
9/30/2010,53342000000.0,39447000000.0,33380000000.0,11257000000.0,22123000000.0,4719000000.0,3616000000.0,13895000000.0,5506000000.0,9383000000.0,-3877000000.0,7092000000.0,993000000.0,10052000000.0,8530000000.0,4982000000.0,3389000000.0,528000000.0,1593000000.0,322000000.0,322000000.0,1522000000.0,43290000000.0,43290000000.0,17435000000.0,17435000000.0,25324000000.0,531000000.0,43290000000.0,43290000000.0,36198000000.0,30917000000.0,45412000000.0,36198000000.0,637849962.0,637849962.0,7286000000.0,7286000000.0,2552000000.0,4734000000.0,2187000000.0,994000000.0,2547000000.0,2714000000.0,547000000.0,2167000000.0,2167000000.0,2167000000.0,2167000000.0,2167000000.0,2547000000.0,4739000000.0,2167000000.0,2170992262.0,2547000000.0,2552000000.0,2167000000.0,2894000000.0,0.2,-1007737.66,2886000000.0,2886000000.0,342000000.0,342000000.0,257000000.0,85000000.0,85000000.0,-9000000.0,-259000000.0,444000000.0,-30000000.0,-4546000000.0,-4546000000.0,-758000000.0,-758000000.0,-3348000000.0,-13078000000.0,9730000000.0,2067000000.0,2067000000.0,11257000000.0,407000000.0,137000000.0,10713000000.0,-758000000.0,2128000000.0,261.9133
6/30/2010,48045000000.0,35161000000.0,30059000000.0,10713000000.0,19346000000.0,3617000000.0,3308000000.0,12884000000.0,4920000000.0,8525000000.0,-3605000000.0,6692000000.0,904000000.0,7432000000.0,5747000000.0,5445000000.0,3267000000.0,397000000.0,2178000000.0,302000000.0,302000000.0,1685000000.0,40613000000.0,40613000000.0,318000000.0,318000000.0,23158000000.0,346000000.0,40613000000.0,40613000000.0,33921000000.0,29414000000.0,40613000000.0,33921000000.0,636609164.0,636609164.0,6820000000.0,6820000000.0,2467000000.0,4353000000.0,1988000000.0,898000000.0,2365000000.0,2434000000.0,594000000.0,1840000000.0,1840000000.0,1840000000.0,1840000000.0,1840000000.0,2365000000.0,4455000000.0,1840000000.0,1890649137.0,2365000000.0,2467000000.0,1840000000.0,2774000000.0,0.24,-16350862.78,2085000000.0,2085000000.0,342000000.0,342000000.0,266000000.0,76000000.0,76000000.0,-396000000.0,-243000000.0,-170000000.0,51000000.0,139000000.0,139000000.0,-476000000.0,-476000000.0,844000000.0,-13161000000.0,14005000000.0,-646000000.0,-646000000.0,10713000000.0,1578000000.0,-57000000.0,9192000000.0,-476000000.0,1609000000.0,221.64422599999997
3/31/2010,42871000000.0,31132000000.0,26514000000.0,9192000000.0,17322000000.0,3084000000.0,3084000000.0,11739000000.0,4773000000.0,8219000000.0,-3446000000.0,5912000000.0,790000000.0,4588000000.0,2922000000.0,2629000000.0,779000000.0,329000000.0,1850000000.0,293000000.0,293000000.0,1666000000.0,38283000000.0,38283000000.0,318000000.0,318000000.0,21949000000.0,163000000.0,38283000000.0,38283000000.0,32371000000.0,28210000000.0,38283000000.0,32371000000.0,635931820.0,635931820.0,6775000000.0,6775000000.0,2452000000.0,4323000000.0,1835000000.0,818000000.0,2488000000.0,2506000000.0,551000000.0,1955000000.0,1955000000.0,1955000000.0,1955000000.0,1955000000.0,2488000000.0,4287000000.0,1955000000.0,2015069832.0,2488000000.0,2452000000.0,1955000000.0,2896000000.0,0.22,-16930167.6,2584000000.0,2584000000.0,331000000.0,331000000.0,264000000.0,67000000.0,67000000.0,30000000.0,46000000.0,130000000.0,11000000.0,-3424000000.0,-3424000000.0,-239000000.0,-239000000.0,-2995000000.0,-12490000000.0,9495000000.0,-123000000.0,-123000000.0,9192000000.0,-963000000.0,-43000000.0,10198000000.0,-239000000.0,2345000000.0,282.501129
12/31/2009,40496778000.0,29166958000.0,24484775000.0,10197588000.0,14287187000.0,3201715000.0,3178471000.0,11329820000.0,4844610000.0,8130134000.0,-3285524000.0,5677503000.0,774938000.0,4492554000.0,2747467000.0,1479905000.0,215867000.0,215867000.0,1264038000.0,285080000.0,285080000.0,1745087000.0,36004224000.0,36004224000.0,318000.0,318000.0,20082078000.0,105090000.0,36004224000.0,36004224000.0,30326721000.0,26419491000.0,36004224000.0,30326721000.0,634928793.0,634928793.0,6673825000.0,6673825000.0,2408400000.0,4265425000.0,1784442000.0,736234000.0,2480983000.0,2568671000.0,594571000.0,1974100000.0,1974100000.0,1974100000.0,1974100000.0,1974100000.0,2480983000.0,4192842000.0,1974100000.0,1958094600.0,2480983000.0,2408400000.0,1974100000.0,2825663000.0,0.23,4820600.09,2731531000.0,2731531000.0,365506000.0,365506000.0,296817000.0,68689000.0,68689000.0,115481000.0,-377360000.0,502775000.0,41489000.0,-4773242000.0,-4773242000.0,-221357000.0,-221357000.0,-4483934000.0,-9571218000.0,5087284000.0,158561000.0,158561000.0,10197588000.0,-1883150000.0,-6377000.0,12087115000.0,-221357000.0,2510174000.0,308.832428
9/30/2009,37702845000.0,26353544000.0,21994391000.0,12087115000.0,9907276000.0,2879604000.0,2807341000.0,11349301000.0,4917491000.0,8043900000.0,-3126409000.0,5672465000.0,823248000.0,3981092000.0,2321774000.0,2069553000.0,192743000.0,192743000.0,1876810000.0,252221000.0,252221000.0,1659318000.0,33721753000.0,33721753000.0,317000.0,317000.0,18107978000.0,232785000.0,33721753000.0,33721753000.0,28049288000.0,24031770000.0,33721753000.0,28049288000.0,633256413.0,633256413.0,5944851000.0,5944851000.0,2226240000.0,3718611000.0,1644893000.0,757524000.0,2073718000.0,2066541000.0,427566000.0,1638975000.0,1638975000.0,1638975000.0,1638975000.0,1638975000.0,2073718000.0,3871133000.0,1638975000.0,1681706470.0,2073718000.0,2226240000.0,1638975000.0,2506220000.0,0.21,-11147530.35,2725983000.0,2725983000.0,378623000.0,378623000.0,311102000.0,67521000.0,67521000.0,596050000.0,-84951000.0,432897000.0,22441000.0,-2609989000.0,-2609989000.0,-186339000.0,-186339000.0,-2388670000.0,-8968944000.0,6580274000.0,28497000.0,28497000.0,12087115000.0,144491000.0,31273000.0,11911351000.0,-186339000.0,2539644000.0,246.99919100000002
6/30/2009,35158760000.0,23834853000.0,19344006000.0,11911351000.0,7432655000.0,2847755000.0,2701912000.0,11323907000.0,5005900000.0,7905528000.0,-2899628000.0,5693299000.0,856386000.0,3563904000.0,2000962000.0,1773201000.0,221914000.0,221914000.0,1551287000.0,227761000.0,227761000.0,1562942000.0,31594856000.0,31594856000.0,316000.0,316000.0,16469003000.0,81434000.0,31594856000.0,31594856000.0,25901557000.0,21833891000.0,31594856000.0,25901557000.0,632235402.0,632235402.0,5522897000.0,5522897000.0,2107971000.0,3414926000.0,1541032000.0,707626000.0,1873894000.0,1856176000.0,371631000.0,1484545000.0,1484545000.0,1484545000.0,1484545000.0,1484545000.0,1873894000.0,3649003000.0,1484545000.0,1505952892.0,1873894000.0,2107971000.0,1484545000.0,2277618000.0,0.2,-5359107.64,1609172000.0,1609172000.0,376957000.0,376957000.0,310982000.0,65975000.0,65975000.0,-437623000.0,-139118000.0,-312304000.0,3461000.0,-217142000.0,-217142000.0,-139437000.0,-139437000.0,-74684000.0,-5400403000.0,5325719000.0,51246000.0,51246000.0,11911351000.0,1443276000.0,41784000.0,10426291000.0,-139437000.0,1469735000.0,210.007843
3/31/2009,33513029000.0,22080802000.0,17784933000.0,10426291000.0,7358642000.0,2543105000.0,2543105000.0,11432227000.0,5122105000.0,7697487000.0,-2575382000.0,5740659000.0,910344000.0,3664934000.0,2183854000.0,1966917000.0,514019000.0,196220000.0,1452898000.0,216937000.0,216937000.0,1481080000.0,29848095000.0,29848095000.0,316000.0,316000.0,14984458000.0,168820000.0,29848095000.0,29848095000.0,24107436000.0,19896948000.0,29848095000.0,24107436000.0,632235402.0,632235402.0,5508990000.0,5508990000.0,2101504000.0,3407486000.0,1523895000.0,641643000.0,1883591000.0,1889801000.0,466973000.0,1422828000.0,1422828000.0,1422828000.0,1422828000.0,1422828000.0,1883591000.0,3625399000.0,1422828000.0,1467913057.0,1883591000.0,2101504000.0,1422828000.0,2346695000.0,0.25,-14796942.74,2249512000.0,2249512000.0,403222000.0,403222000.0,321129000.0,82093000.0,82093000.0,212079000.0,97390000.0,28557000.0,8675000.0,-418832000.0,-418832000.0,-262755000.0,-262755000.0,-154005000.0,-5263595000.0,5109590000.0,-4892000.0,-4892000.0,10426291000.0,1825788000.0,-56169000.0,8656672000.0,-262755000.0,1986757000.0,173.38012700000002
12/31/2008,31767575000.0,20178182000.0,15845771000.0,8656672000.0,7189099000.0,2642192000.0,2642192000.0,11589393000.0,5233843000.0,7576341000.0,-2342498000.0,5836544000.0,996690000.0,3528713000.0,2302090000.0,1272363000.0,259553000.0,178004000.0,1012810000.0,218084000.0,218084000.0,1226623000.0,28238862000.0,28238862000.0,315000.0,315000.0,13561630000.0,226579000.0,28238862000.0,28238862000.0,22402318000.0,17876092000.0,28238862000.0,22402318000.0,628898862.0,628898862.0,5700904000.0,5700904000.0,2190005000.0,3510899000.0,1650694000.0,733341000.0,1860205000.0,835347000.0,452905000.0,382442000.0,382442000.0,382442000.0,382442000.0,382442000.0,1860205000.0,3840699000.0,382442000.0,1106090250.0,1860205000.0,2190005000.0,382442000.0,3359020000.0,0.35,-389656750.0,2122299000.0,2122299000.0,385510000.0,385510000.0,313475000.0,72035000.0,72035000.0,135206000.0,-116138000.0,135084000.0,93433000.0,-1816838000.0,-1816838000.0,-367844000.0,-367844000.0,-1416403000.0,-7544296000.0,6127893000.0,11049000.0,11049000.0,8656672000.0,316510000.0,-30307000.0,8370469000.0,-367844000.0,1754455000.0,153.25058
9/30/2008,30806974000.0,17962851000.0,14412609000.0,8370469000.0,6042140000.0,2541492000.0,2541492000.0,12844123000.0,5213167000.0,7325792000.0,-2112625000.0,5869363000.0,1047717000.0,3332112000.0,2224277000.0,1401241000.0,340665000.0,240706000.0,1060576000.0,200378000.0,200378000.0,1107835000.0,27474862000.0,27474862000.0,315000.0,315000.0,13179188000.0,101162000.0,27474862000.0,27474862000.0,21605499000.0,15738574000.0,27474862000.0,21605499000.0,628898862.0,628898862.0,5541391000.0,5541391000.0,2173390000.0,3368001000.0,1720436000.0,704571000.0,1647565000.0,1668782000.0,378844000.0,1289938000.0,1289938000.0,1289938000.0,1289938000.0,1289938000.0,1647565000.0,3893826000.0,1289938000.0,1343875892.0,1647565000.0,2173390000.0,1289938000.0,2103590000.0,0.23,-15841107.75,2184958000.0,2184958000.0,386246000.0,386246000.0,309482000.0,76764000.0,76764000.0,257062000.0,78050000.0,130748000.0,35420000.0,-1136957000.0,-1136957000.0,-451503000.0,-451503000.0,-710016000.0,-2928360000.0,2218344000.0,4285000.0,4285000.0,8370469000.0,1052286000.0,-45353000.0,7363536000.0,-451503000.0,1733455000.0,199.512177
6/30/2008,29179786000.0,16316837000.0,12733669000.0,7363536000.0,5370133000.0,2641901000.0,2641901000.0,12862949000.0,5137710000.0,7013003000.0,-1875293000.0,5992796000.0,1138991000.0,3266771000.0,2345515000.0,1654798000.0,582394000.0,439281000.0,1072404000.0,197433000.0,197433000.0,921256000.0,25913015000.0,25913015000.0,314000.0,314000.0,11889249000.0,119181000.0,25913015000.0,25913015000.0,19920219000.0,13971322000.0,25913015000.0,19920219000.0,628284109.0,628284109.0,5367212000.0,5367212000.0,2147575000.0,3219637000.0,1641672000.0,682210000.0,1577965000.0,1635888000.0,388497000.0,1247391000.0,1247391000.0,1247391000.0,1247391000.0,1247391000.0,1577965000.0,3789247000.0,1247391000.0,1270390774.0,1577965000.0,2147575000.0,1247391000.0,1999735000.0,0.24,-7163225.73,1766154000.0,1766154000.0,391607000.0,391607000.0,308716000.0,82891000.0,82891000.0,-54311000.0,-72883000.0,66153000.0,93638000.0,-958633000.0,-958633000.0,-697517000.0,-697517000.0,-73959000.0,-2111290000.0,2037331000.0,43577000.0,43577000.0,7363536000.0,851098000.0,-7311000.0,6519749000.0,-697517000.0,1068637000.0,262.22711200000003
3/31/2008,27604982000.0,15464931000.0,12134508000.0,6519749000.0,5614759000.0,2560909000.0,2560909000.0,12140051000.0,4741724000.0,6430853000.0,-1689129000.0,5995371000.0,1203972000.0,3267447000.0,2460475000.0,1808221000.0,535552000.0,358122000.0,1272669000.0,194066000.0,194066000.0,806972000.0,24337535000.0,24337535000.0,314000.0,314000.0,10641858000.0,133415000.0,24337535000.0,24337535000.0,18342164000.0,13004456000.0,24337535000.0,18342164000.0,627577602.0,627577602.0,5186043000.0,5186043000.0,2110536000.0,3075507000.0,1529272000.0,673069000.0,1546235000.0,1713578000.0,406492000.0,1307086000.0,1307086000.0,1307086000.0,1307086000.0,1307086000.0,1546235000.0,3639808000.0,1307086000.0,1272206280.0,1713965000.0,2110536000.0,1307086000.0,2004762000.0,0.24,10847279.6,1779446000.0,1779446000.0,336524000.0,336524000.0,280564000.0,55960000.0,55960000.0,-10725000.0,-223493000.0,-190617000.0,444969000.0,-1406994000.0,-1406994000.0,-841597000.0,-841597000.0,2559716000.0,-2819512000.0,5379228000.0,28656000.0,28656000.0,6519749000.0,401108000.0,37048000.0,6081593000.0,-841597000.0,937849000.0,219.412582
12/31/2007,25335806000.0,17289138000.0,14218613000.0,6081593000.0,8137020000.0,2307774000.0,2162521000.0,8046668000.0,4039261000.0,5519912000.0,-1480651000.0,2745964000.0,446596000.0,2646127000.0,2035602000.0,1269139000.0,282106000.0,282106000.0,987033000.0,178073000.0,178073000.0,610525000.0,22689679000.0,22689679000.0,313000.0,313000.0,9334772000.0,113373000.0,22689679000.0,22689679000.0,19943715000.0,15253536000.0,22689679000.0,19943715000.0,626151074.0,626151074.0,4826679000.0,4826679000.0,1955824000.0,2870855000.0,1430121000.0,630783000.0,1440734000.0,1608027000.0,401578000.0,1206449000.0,1206449000.0,1206449000.0,1206449000.0,1206449000.0,1440734000.0,3385945000.0,1206449000.0,1189318162.0,1608198000.0,1955824000.0,1206449000.0,1875301000.0,0.25,5702162.01,1693248000.0,1693248000.0,289936000.0,289936000.0,241902000.0,48034000.0,48034000.0,288930000.0,-277822000.0,276227000.0,351952000.0,-875432000.0,-875432000.0,-678209000.0,-678209000.0,-113664000.0,-4254136000.0,4140472000.0,145417000.0,145417000.0,6081593000.0,963233000.0,11956000.0,5106404000.0,-678209000.0,1015039000.0,344.448914
6/30/2006,14396006000.0,11058107000.0,9821632000.0,4015922000.0,5805710000.0,885088000.0,885088000.0,3337899000.0,1799766000.0,2452055000.0,-652289000.0,465198000.0,146601000.0,1038998000.0,977430000.0,785861000.0,179441000.0,179441000.0,606420000.0,83286000.0,83286000.0,61568000.0,13357008000.0,13357008000.0,303000.0,303000.0,3369236000.0,-26924000.0,13357008000.0,13357008000.0,12891810000.0,10080677000.0,13357008000.0,12891810000.0,608131975.0,608131975.0,2455991000.0,2455991000.0,989032000.0,1466959000.0,651587000.0,282552000.0,815372000.0,976177000.0,255100000.0,721077000.0,721077000.0,721077000.0,721077000.0,721077000.0,815372000.0,1640619000.0,721077000.0,678385310.7,815372000.0,989032000.0,721077000.0,883798000.0,0.26,15103310.67,840586000.0,840586000.0,126221000.0,126221000.0,110211000.0,16010000.0,16010000.0,142226000.0,-37990000.0,33647000.0,267415000.0,-2067638000.0,-2067638000.0,-887506000.0,-887506000.0,-1368096000.0,-5468818000.0,4100722000.0,2299056000.0,2299056000.0,4015922000.0,1072004000.0,8739000.0,2935179000.0,-887506000.0,-46920000.0,208.88206499999998
3/31/2006,11294870000.0,9555957000.0,8429028000.0,2935179000.0,5493849000.0,844378000.0,844378000.0,1738913000.0,1209681000.0,1749568000.0,-539887000.0,479379000.0,160573000.0,1051602000.0,980024000.0,688292000.0,145911000.0,145911000.0,542381000.0,80172000.0,80172000.0,71578000.0,10243268000.0,10243268000.0,295000.0,295000.0,2648159000.0,-10363000.0,10243268000.0,10243268000.0,9763889000.0,8575933000.0,10243268000.0,9763889000.0,593898998.0,593898998.0,2253755000.0,2253755000.0,904119000.0,1349636000.0,606937000.0,246599000.0,742699000.0,810618000.0,218327000.0,592291000.0,592291000.0,592291000.0,592291000.0,592291000.0,742699000.0,1511056000.0,592291000.0,592291000.0,742699000.0,904119000.0,592291000.0,853857000.0,0.27,0.0,824804000.0,824804000.0,111158000.0,111158000.0,95868000.0,15290000.0,15290000.0,2691000.0,-155221000.0,30232000.0,3042000.0,-1888617000.0,-1888617000.0,-344938000.0,-344938000.0,-1355715000.0,-13111471000.0,11755756000.0,119896000.0,119896000.0,2935179000.0,-943917000.0,1922000.0,3877174000.0,-344938000.0,479866000.0,194.27182
9/30/2005,9451001000.0,8382685000.0,7630147000.0,5518569000.0,2111578000.0,541815000.0,541815000.0,1068316000.0,803078000.0,1173116000.0,-370038000.0,228603000.0,228603000.0,657933000.0,559848000.0,478094000.0,87346000.0,87346000.0,390748000.0,55654000.0,55654000.0,98085000.0,8793068000.0,8793068000.0,290000.0,290000.0,1683660000.0,-125369000.0,8793068000.0,8793068000.0,8564465000.0,7822837000.0,8793078000.0,8564465000.0,590524084.0,590524084.0,1578456000.0,1578456000.0,653826000.0,924630000.0,395459000.0,151721000.0,529171000.0,549968000.0,168786000.0,381182000.0,381182000.0,381182000.0,381182000.0,381182000.0,529171000.0,1049285000.0,381182000.0,381182000.0,529171000.0,653826000.0,381182000.0,605136000.0,0.31,0.0,646747000.0,646747000.0,75965000.0,75965000.0,67662000.0,8303000.0,8303000.0,46942000.0,-120496000.0,-18085000.0,90565000.0,-189090000.0,-189090000.0,-292532000.0,-292532000.0,125988000.0,-3139329000.0,3265317000.0,4308293000.0,4308293000.0,5518569000.0,4765950000.0,-853000.0,753472000.0,-292532000.0,354215000.0,157.63913
6/30/2005,4497718000.0,3649210000.0,2947967000.0,753472000.0,2194495000.0,492004000.0,419238000.0,848508000.0,576597000.0,780749000.0,-204152000.0,216604000.0,216604000.0,543861000.0,448370000.0,400162000.0,105572000.0,105572000.0,294590000.0,47917000.0,47917000.0,95491000.0,3953857000.0,3953857000.0,273000.0,273000.0,1302478000.0,-186289000.0,3953857000.0,3953857000.0,3737253000.0,3200840000.0,3954148000.0,3737253000.0,557947855.0,557947855.0,1384495000.0,1384495000.0,597095000.0,787400000.0,311702000.0,95772000.0,475698000.0,495420000.0,152606000.0,342814000.0,342814000.0,342814000.0,342814000.0,342814000.0,475698000.0,908797000.0,342814000.0,342814000.0,475698000.0,597095000.0,342814000.0,542627000.0,0.31,0.0,624619000.0,624619000.0,66929000.0,66929000.0,56967000.0,9962000.0,9962000.0,48752000.0,-44518000.0,30085000.0,31226000.0,-348499000.0,-348499000.0,-157463000.0,-157463000.0,-166834000.0,-693506000.0,526672000.0,7956000.0,7956000.0,753472000.0,284076000.0,-13176000.0,482572000.0,-157463000.0,467156000.0,146.525787
3/31/2005,3865199000.0,3158474000.0,2507298000.0,482572000.0,2024726000.0,441932000.0,371905000.0,706725000.0,474829000.0,678981000.0,-204152000.0,186251000.0,186251000.0,438337000.0,393328000.0,350624000.0,75444000.0,75444000.0,275180000.0,41394000.0,41394000.0,45009000.0,3426862000.0,3426862000.0,271000.0,271000.0,959664000.0,-206204000.0,3426862000.0,3426862000.0,3240611000.0,2765146000.0,3428172000.0,3240611000.0,554161505.0,554161505.0,1256516000.0,1256516000.0,545208000.0,711308000.0,268538000.0,79412000.0,442770000.0,456456000.0,87263000.0,369193000.0,369193000.0,369193000.0,369193000.0,369193000.0,442770000.0,813746000.0,369193000.0,369193000.0,442770000.0,545208000.0,369193000.0,498963000.0,0.19,0.0,529622000.0,529622000.0,56193000.0,56193000.0,46478000.0,9715000.0,9715000.0,-22049000.0,-60069000.0,42694000.0,6044000.0,-472328000.0,-472328000.0,-142391000.0,-142391000.0,-324937000.0,-1160160000.0,835223000.0,3505000.0,3505000.0,482572000.0,60799000.0,-5100000.0,426873000.0,-142391000.0,387231000.0,89.917969
12/31/2004,3313351000.0,2693465000.0,2132297000.0,426873000.0,1705424000.0,382345000.0,311836000.0,619886000.0,378916000.0,583068000.0,-204152000.0,193887000.0,193887000.0,384295000.0,340368000.0,301958000.0,32672000.0,32672000.0,269286000.0,36508000.0,36508000.0,43927000.0,2929056000.0,2929056000.0,267000.0,267000.0,590471000.0,-244034000.0,2929056000.0,2929056000.0,2735169000.0,2353097000.0,2930958000.0,2735169000.0,546302566.0,546302566.0,1031501000.0,1031501000.0,453779000.0,577722000.0,274923000.0,87442000.0,302799000.0,310173000.0,106073000.0,204100000.0,204100000.0,204100000.0,204100000.0,204100000.0,302799000.0,728702000.0,204100000.0,204100000.0,302799000.0,453779000.0,204100000.0,355259000.0,0.34,0.0,368097000.0,368097000.0,52460000.0,52460000.0,42903000.0,9557000.0,9557000.0,-4986000.0,-78567000.0,-16885000.0,57188000.0,-296634000.0,-296634000.0,-59080000.0,-59080000.0,-189524000.0,-1252268000.0,1062744000.0,290000.0,290000.0,426873000.0,71753000.0,10651000.0,344469000.0,-59080000.0,309017000.0,96.035034
9/30/2004,2888518000.0,2360211000.0,1858356000.0,344469000.0,1513887000.0,348127000.0,233057000.0,528307000.0,362609000.0,436191000.0,-73582000.0,145475000.0,145475000.0,299495000.0,274470000.0,249556000.0,49557000.0,49557000.0,199999000.0,21888000.0,21888000.0,25025000.0,2589023000.0,2589023000.0,273000.0,273000.0,386371000.0,-294920000.0,2589023000.0,2589023000.0,2443548000.0,2085741000.0,2592049000.0,2443548000.0,546302566.0,546302566.0,805887000.0,805887000.0,362099000.0,443788000.0,432676000.0,57409000.0,11112000.0,14978000.0,-37005000.0,51983000.0,51983000.0,51983000.0,51983000.0,51983000.0,11112000.0,794775000.0,51983000.0,172583000.0,11112000.0,362099000.0,51983000.0,253438000.0,0.4,-80400000.0,238343000.0,238343000.0,41326000.0,41326000.0,35796000.0,5530000.0,5530000.0,-268918000.0,-41864000.0,-12273000.0,-225365000.0,-1309728000.0,-1309728000.0,-77632000.0,-77632000.0,-1224801000.0,-2411227000.0,1186426000.0,1162001000.0,1162001000.0,344469000.0,90616000.0,-845000.0,254698000.0,-77632000.0,160711000.0,64.558022
